<record><leader>00000cas a2200000 a 4500</leader><controlfield tag="001">26710566</controlfield><controlfield tag="008">921001d19uu1943cauwr ne      0    0eng c</controlfield><datafield ind1=" " ind2=" " tag="010"><subfield code="a">sn 92069404 </subfield></datafield><datafield ind1=" " ind2=" " tag="040"><subfield code="a">CNK</subfield><subfield code="b">eng</subfield><subfield code="c">CNK</subfield><subfield code="d">OCLCQ</subfield><subfield code="d">CNK</subfield><subfield code="d">OCLCQ</subfield><subfield code="d">OCLCF</subfield><subfield code="d">OCLCO</subfield></datafield><datafield ind1=" " ind2=" " tag="042"><subfield code="a">pcc</subfield></datafield><datafield ind1=" " ind2=" " tag="043"><subfield code="a">n-us-ca</subfield></datafield><datafield ind1="0" ind2=" " tag="130"><subfield code="a">Herald-recorder (Arroyo Grande, Calif. : 1919)</subfield></datafield><datafield ind1="1" ind2="4" tag="245"><subfield code="a">The herald-recorder.</subfield></datafield><datafield ind1=" " ind2=" " tag="260"><subfield code="a">Arroyo Grande, San Luis Obispo County, Calif. :</subfield><subfield code="b">W.H. Smith</subfield></datafield><datafield ind1=" " ind2=" " tag="300"><subfield code="a">v.</subfield></datafield><datafield ind1=" " ind2=" " tag="310"><subfield code="a">Weekly</subfield></datafield><datafield ind1="1" ind2=" " tag="362"><subfield code="a">Began in 1910?</subfield></datafield><datafield ind1="0" ind2=" " tag="362"><subfield code="a">-v. 56, no. 8 (Aug. 6, 1943) = -v. 38, no. 51.</subfield></datafield><datafield ind1=" " ind2=" " tag="515"><subfield code="a">Issues for Apr. 21, 1939-Aug. 6, 1943 also called: Vol. 28, no. 8-v. 32, no. 24.</subfield></datafield><datafield ind1=" " ind2=" " tag="530"><subfield code="a">Master negatives are available for duplication from:</subfield><subfield code="b">California Newspaper Microfilm Archive;</subfield><subfield code="c">positive copies may be purchased by the reel; for further information consult the CNMA at:</subfield><subfield code="u">http://cbsr.ucr.edu</subfield></datafield><datafield ind1=" " ind2=" " tag="588"><subfield code="a">Description based on: Vol. 33, no. 51 (May 3, 1919) = v. 14, no. 51.</subfield></datafield><datafield ind1=" " ind2="0" tag="651"><subfield code="a">Arroyo Grande (Calif.)</subfield><subfield code="v">Newspapers.</subfield></datafield><datafield ind1=" " ind2="7" tag="655"><subfield code="a">Newspapers.</subfield><subfield code="2">fast</subfield><subfield code="0">(OCoLC)fst01423814</subfield></datafield><datafield ind1=" " ind2="7" tag="651"><subfield code="a">California</subfield><subfield code="z">Arroyo Grande.</subfield><subfield code="2">fast</subfield><subfield code="0">(OCoLC)fst01224263</subfield></datafield><datafield ind1=" " ind2=" " tag="752"><subfield code="a">United States</subfield><subfield code="b">California</subfield><subfield code="c">San Luis Obispo</subfield><subfield code="d">Arroyo Grande.</subfield></datafield><datafield ind1="0" ind2="0" tag="785"><subfield code="t">Arroyo Grande herald-recorder</subfield><subfield code="w">(DLC)sn 92069405</subfield></datafield></record>